
@online{domin_was_2018,
	title = {Was ist eigentlich eine Single-Page-Webanwendung?},
	url = {https://t3n.de/news/single-page-webanwendung-1023623/},
	abstract = {Mit Single-Page-Webanwendungen wird die Kommunikation zwischen Client und Server stark reduziert. Doch wie funktioniert die Architektur und wann sollte sie tatsächlich eingesetzt werden?},
	titleaddon = {t3n News},
	author = {Domin, Andreas},
	urldate = {2019-02-12},
	date = {2018-04-24},
	langid = {german},
	file = {Snapshot:C\:\\Users\\lukas\\Zotero\\storage\\6PZ4PUZE\\single-page-webanwendung-1023623.html:text/html}
}

@article{bahor_html5/webgl_2013,
	title = {{HTML}5/{WebGL} vs Flash in 3D Visualisation},
	rights = {{CESCG}},
	url = {http://old.cescg.org/CESCG-2013/papers/Bahor-HTML5WebGL_vs_Flash_in_3D_Visualisation.pdf},
	abstract = {Due to the recent technological developments and advancements in the ﬁeld of computer graphics, and by following the great leap of the web-based technologies such as the greatest iteration and upgrade yet of the {HTML} to its new variant {HTML}5, we are experiencing a burst on the scene of the new architectural representation methods that aid in the visualization process. New technologies, both web-based and methodological-based, have not been fully understood and implemented so far, leaving a great unexplored space for the developers and the people involved with the process of the digitalization and 3D visualization to grasp in order to use the full potential of the today’s technological advances. This paper is dedicated towards introducing the new technologies available for the 3D visualization and investigates their implementation on the web, with a focus on the comparative analysis of the emerging web technologies for the 3D rendering and visualization, as oppose to the current methods of 3D graphics implementation (Flash).Additionaly, the purpose of this paper is to empower the usage of the new {HTML}5 supported tool called {WebGL} and to use its full potential while delivering the 3D visualization to the web. The user study was carried out and the results revealed that {HTML}5 had a signiﬁcantly higher impact as opposed to Flash. This indicates that Flash is no longer meeting the purpose of rendering demanding 3D graphics content and providing quality user interactivity, whilst {HTML}5/{WebGL} should be highly utilized in the future as the primary technologies for delivering 3D graphics to the web.},
	pages = {8},
	author = {Bahor, Senad},
	date = {2013},
	langid = {english},
	file = {Bahor - HTML5WebGL vs Flash in 3D Visualisation.pdf:C\:\\Users\\lukas\\Zotero\\storage\\5GSPSW22\\Bahor - HTML5WebGL vs Flash in 3D Visualisation.pdf:application/pdf}
}

@online{flyeralarm_mehrwegbecher_nodate,
	title = {Mehrwegbecher günstig und schnell bei {FLYERALARM}},
	url = {https://www.flyeralarm.com/de/shop/configurator/index/id/6899/mehrwegbecher.html},
	author = {Flyeralarm},
	urldate = {2019-03-28},
	file = {Mehrwegbecher günstig und schnell bei FLYERALARM:C\:\\Users\\lukas\\Zotero\\storage\\P8JCQJ2K\\mehrwegbecher.html:text/html}
}

@online{spreadshirt_tassen_nodate,
	title = {Tassen bedrucken, Kaffeebecher \& Fototassen {\textbar} Spreadshirt},
	url = {https://www.spreadshirt.de/gestalten/tassen},
	author = {spreadshirt},
	urldate = {2019-03-28},
	file = {Tassen bedrucken, Kaffeebecher & Fototassen | Spreadshirt:C\:\\Users\\lukas\\Zotero\\storage\\UKJK523L\\tassen.html:text/html}
}

@online{stackoverflow_stack_2018,
	title = {Die Stack Overflow Entwicklerumfrage 2018 {\textbar} Stack Overflow},
	url = {https://www.stackoverflowbusiness.com/de/talent/ressourcen/die-stack-overflow-entwicklerumfrage-2018},
	author = {Stackoverflow},
	urldate = {2019-03-28},
	date = {2018},
	file = {Die Stack Overflow Entwicklerumfrage 2018 | Stack Overflow:C\:\\Users\\lukas\\Zotero\\storage\\G623VCNN\\die-stack-overflow-entwicklerumfrage-2018.html:text/html}
}

@online{kogel_paul_react_2015,
	title = {React Einsteiger Tutorial - {ReactJS}.{DE}},
	url = {https://reactjs.de/artikel/react-tutorial-deutsch/},
	abstract = {Die Ideen hinter React anhand von Beispielen vorgestellt.},
	author = {Kögel, Paul},
	urldate = {2019-03-28},
	date = {2015-06-30},
	langid = {german},
	file = {Snapshot:C\:\\Users\\lukas\\Zotero\\storage\\L3WDWZGT\\react-tutorial-deutsch.html:text/html}
}

@online{deveria_alexis_can_2013,
	title = {Can I use... Support tables for {HTML}5, {CSS}3, etc},
	url = {https://caniuse.com/#feat=webgl},
	author = {Deveria, Alexis},
	urldate = {2019-03-28},
	date = {2013},
	file = {Can I use... Support tables for HTML5, CSS3, etc:C\:\\Users\\lukas\\Zotero\\storage\\D33KDFDK\\caniuse.com.html:text/html}
}

@book{moreau-mathis_babylon.js_2016,
	title = {Babylon.js Essentials},
	isbn = {978-1-78588-616-4},
	abstract = {Understand, train, and be ready to develop 3D Web applications/video games using the Babylon.js framework, even for {beginnersAbout} This {BookUnderstand} the basics of 3D (along with the theory) before {practicingEach} mini-project provides previous features, alongside the new feature you are learning, to supply the {examplesLearn} from the best of the best, a developer at Microsoft, {FranceWho} This Book Is {ForBabylon}.{JS} Essentials is intended for developers who want to enter the world of 3D development for the Web, or developers who want to add the Babylon.js framework to their skill set. The notion of Oriented Object Programming would be helpful to understand the architecture of the Babylon.js framework. Also, a familiarity with Web development would be useful, to understand the principles used.What You Will {LearnUnderstand} what the {TypeScript} language is and its benefits (compared to {JavaScript}) in large projects such as 3D {enginesLearn} the basics of 3D using Babylon.js without too much theory but with an emphasis on practice, for a better understanding of the {architectureKnow} the usage of Material—a fundamental principle of 3D engines in Babylon.js—and then customize the appearance of 3D {objectsIntegrate} collisions and physics in gameplay. Understand the notion of impostor for physics {simulationManage}, create, and spatialize audio tracks in 3D {scenesGo} further with the Babylon.js framework to create actions on {eventsCreate} rendering effects provided by the Babylon.js framework, such as post-{processesIn} {DetailAre} you familiar with {HTML}5? Do you want to build exciting games and Web applications? Then explore the exciting world of game and Web development with one of the best frameworks out there: Babylon.{JS}.Starting from the beginning, the book introduces the required basics for 3D development and the knowledge you need to use the Babylon.js framework. It focuses on the simplicity provided by Babylon.js and uses a combination of theory and practice. All the chapters are provided with example files ready to run; each example file provides the previously learned features of the framework. Finally, developers will be ready to easily understand new features added to the framework in the future.Style and {approachThe} book is a comprehensive guide packed with ready-to-run examples with a mix of theory and practice.},
	pagetotal = {196},
	publisher = {Packt Publishing Ltd},
	author = {Moreau-Mathis, Julien},
	date = {2016-03-04},
	langid = {english},
	note = {S. 4-6},
	keywords = {Computers / Programming / Games, Computers / Programming / Open Source, Computers / Programming Languages / {JavaScript}}
}

@online{bohm_robin_angular_2017,
	title = {Angular 4 im Überblick - Die wichtigsten Neuerungen - Angular.{DE}},
	url = {https://angular.de/artikel/angular-4-neuerungen/},
	abstract = {Am 23.03.2017 ist die finale Version von Angular 4 erschienen und freigegeben. Die wichtigsten Neuerungen haben wir für dich kurz und knapp zusammengefasst.},
	titleaddon = {angular.de},
	author = {Böhm, Robin},
	urldate = {2019-03-28},
	date = {2017-04-03},
	langid = {german},
	file = {Snapshot:C\:\\Users\\lukas\\Zotero\\storage\\V4V8FDE3\\angular-4-neuerungen.html:text/html}
}

@online{steyer_ruhe_2018,
	title = {Die Ruhe vor dem Sturm: Neuerungen in Angular 7 und Ausblick},
	url = {https://entwickler.de/online/javascript/angular-7-ueberblick-579865876.html},
	shorttitle = {Die Ruhe vor dem Sturm},
	abstract = {Angular 7 bringt ein paar nette Abrundungen und Bugfixes. Die meisten Ressourcen fließen derzeit jedoch in den neuen Ivy-Compiler.},
	titleaddon = {entwickler.de},
	author = {Steyer, Manfred},
	urldate = {2019-02-07},
	date = {2018-11-01},
	langid = {german}
}

@book{woiwode_angular:_2017,
	title = {Angular: Grundlagen, fortgeschrittene Techniken und Best Practices mit {TypeScript} - ab Angular 4, inklusive {NativeScript} und Redux},
	isbn = {978-3-96088-206-0},
	shorttitle = {Angular},
	abstract = {Egal, ob Sie schon Erfahrung mit {AngularJS} 1.x haben oder nicht – mit diesem Buch gelingt Ihnen der schnelle Einstieg in das neue Angular-Framework ab Version 4. Anhand eines anspruchsvollen Beispielprojekts lernen Sie Schritt für Schritt, wie Sie strukturierte und modularisierte Single-Page-Anwendungen entwickeln. Praktisch: Der Programmcode zu jeder einzelnen Entwicklungsphase ist auf {GitHub} verfügbar. So können Sie einsteigen, wo Sie wollen, und nach Wunsch Entwicklungsschritte überspringen. In einem kompakten Schnellstart-Kapitel erstellen Sie zunächst eine erste funktionierende Anwendung. Danach machen Sie sich mit grundlegenden Angular-Konzepten und Techniken vertraut: Angular {CLI}, Komponenten und Template-Syntax, {HTTP}-Anbindung, Routing, Formulare. Weiter geht es dann mit fortgeschrittenen Themen wie - Pipes und Direktiven - {RxJS} (Reactive Extensions) - Lose Kopplung mittels Dependency Injection - Internationalisierung (i18n) - Testing mit Karma und Protractor - Debugging mit Augury - Ahead-of-Time-Kompilierung ({AOT}) - Deployment Besonders hervorzuheben sind zwei für Angular-Entwickler spannende Themen: - Mobile Apps mit {NativeScript} entwickeln - Mit Redux Architekturen vereinfachen Das Buch setzt lediglich Kenntnisse in {JavaScript}, {HTML} und {CSS} voraus. Wer noch nicht mit {TypeScript} vertraut ist, findet eine Einführung dazu. Nach der Lektüre sind Sie für den Projektalltag mit Angular gewappnet und können robuste Webanwendungen damit entwickeln.},
	pagetotal = {658},
	publisher = {dpunkt.verlag},
	author = {Woiwode, Gregor and Malcher, Ferdinand and Koppenhagen, Danny and Hoppe, Johannes},
	date = {2017-06-20},
	langid = {german},
	note = {Kapitel 6},
	keywords = {Computers / Programming Languages / {JavaScript}}
}

@online{noauthor_wiedergabeliste_nodate,
	title = {Wiedergabeliste ansehen: Meine Wiedergabeliste {\textbar} Lynda.com},
	url = {https://www.lynda.com/de/MyPlaylist/Watch/11864782/728572?autoplay=true},
	shorttitle = {Wiedergabeliste ansehen},
	titleaddon = {Lynda.com - from {LinkedIn}},
	urldate = {2019-03-28},
	langid = {german},
	file = {Snapshot:C\:\\Users\\lukas\\Zotero\\storage\\9ITRRFRU\\728572.html:text/html}
}

@unpublished{unlu_angular_2018,
	location = {Lynda.com},
	title = {Angular Grundkurs 1: Das Ökosystem},
	url = {https://www.lynda.com/Angular-tutorials/Angular-Grundkurs-1-Okosystem/561502-2.html},
	shorttitle = {Angular Grundkurs 1},
	abstract = {Steigen Sie mit dem praktischen Überblick in das mächtige Google-Framework ein.},
	type = {Videokurs},
	howpublished = {Videokurs},
	note = {Angular Grundkurs 1: Das Ökosystem},
	author = {Ünlü, Saban},
	urldate = {2019-03-28},
	date = {2018-03-29},
	langid = {german},
	file = {Snapshot:C\:\\Users\\lukas\\Zotero\\storage\\Q4JH5XIR\\561502-2.html:text/html}
}

@book{poniros_angular_2019,
	title = {Angular für Dummies},
	isbn = {978-3-527-81311-7},
	abstract = {Durch das Lesen dieses Buches werden Sie nicht zum Angular-Experten. Dafür ist das {JavaScript}-Framework zu groß und zu kompliziert. Aber mit dem Buch finden Sie einen schnellen Einstieg in Angular und {TypeScript}. Sobald die Entwicklungsumgebung installiert ist, bauen Sie Ihre Angular-Fertigkeiten Schritt für Schritt aus. Mit den fertigen Code-Beispielen zum Herunterladen können Sie experimentieren. Anschließend sind Sie in der Lage, bei Angular-Projekten mitzureden und mitzutun. Für das Verständnis des Buchs sind lediglich {HTML}-, {CSS}- und {JavaScript}-Kenntnisse notwendig.},
	pagetotal = {406},
	publisher = {John Wiley \& Sons},
	author = {Poniros, Nikolas},
	date = {2019-02-08},
	langid = {german},
	note = {Google-Books-{ID}: {AUiHDwAAQBAJ}},
	keywords = {Computers / Internet / General, Computers / Software Development \& Engineering / General}
}

@book{steyer_angular_2016,
	title = {Angular {JS}: Moderne Webanwendungen und Single Page Applications mit {JavaScript}},
	isbn = {978-3-95561-950-3},
	shorttitle = {Angular {JS}},
	abstract = {Das populäre Framework {AngularJS} macht die Komplexität moderner {JavaScript}- und Single-Page-Anwendungen ({SPA}) für Entwickler beherrschbar. Es unterstützt bei immer wiederkehrenden Aufgaben wie Datenbindung, Validierung oder Routing/Deep-Linking. Die Tatsache, dass sowohl Google als auch eine riesige Community hinter {AngularJS} stehen, schafft darüber hinaus Vertrauen. Dieses Buch zeigt, wie Sie von {AngularJS} in Ihren Projekten profitieren. Dabei beschränkt es sich nicht nur auf die Grundlagen, sondern geht auch auf die zahlreichen Möglichkeiten zur Erweiterung mit Blick auf die eigenen Bedürfnissen ein. Die Autoren gehen auch auf das Zusammenspiel mit anderen Technologien und Standards wie {RequireJS}, Yoeman, Bower, Grunt, {TypeScript} oder {OAuth} 2.0. ein. Aus dem Inhalt: - Moderne {JavaScript}-basierte Single-Page-Applications ({SPA}) mit {AngularJS} erstellen - {RESTful} Services via {AJAX} anbinden - Formulare bereitstellen und Eingaben validieren - Logische Seiten innerhalb einer {SPA} mit Routing und Deep-Linking realisieren - Internationalisierung von Ein- und Ausgaben - Umgang mit mobilen und touch-basierten Anwendungen sowie Animationen - Testautomatisierung mit Jasmine - {AngularJS} an eigene Bedürfnisse anpassen - Wiederverwendbare Komponenten mit Direktiven bereitstellen - Moderne Security-Szenarien umsetzen - {AngularJS} mit anderen Technologien und Standards wie {RequireJS}, Yoeman, Bower, Grunt, {TypeScript} oder {OAuth} 2.0 kombinieren},
	pagetotal = {474},
	publisher = {{BoD} – Books on Demand},
	author = {Steyer, Manfred and Softic, Vildan},
	date = {2016-09-05},
	langid = {german},
	note = {Google-Books-{ID}: {IA}77DAAAQBAJ},
	keywords = {Computers / Internet / General}
}

@article{gronau_marktuberblick_2001,
	title = {Marktüberblick Konfiguratoren in {PPS}-Systemen},
	pages = {18},
	journaltitle = {{PPS} Management},
	author = {Gronau, Norbert and Weber, Edzard and Oldenburg, Universität},
	date = {2001},
	langid = {german},
	file = {Gronau et al. - 2001 - Marktüberblick Konfiguratoren in PPS-Systemen.pdf:C\:\\Users\\lukas\\Zotero\\storage\\IHDL5UYY\\Gronau et al. - 2001 - Marktüberblick Konfiguratoren in PPS-Systemen.pdf:application/pdf}
}

@article{kornher_bachelorarbeit_nodate,
	title = {Bachelorarbeit Medieninformatik},
	pages = {55},
	author = {Kornher, Moritz},
	langid = {german},
	file = {Kornher - Bachelorarbeit Medieninformatik.pdf:C\:\\Users\\lukas\\Zotero\\storage\\9NJ3TMUK\\Kornher - Bachelorarbeit Medieninformatik.pdf:application/pdf}
}

@book{danchilla_beginning_2012,
	title = {Beginning {WebGL} for {HTML}5},
	isbn = {978-1-4302-3996-3},
	abstract = {Beginning {WebGL} for {HTML}5 gets you rapidly up to speed with {WebGL}, a powerful new graphics language within the browser. You\&\#39;ll render realistic scenes with advanced lighting models, shadows, blending and textures. You\&\#39;ll also use mathematics to model fractals and particle systems. Going beyond that, Beginning {WebGL} for {HTML}5 presents advanced vertex and fragment shader usage for creating stunning, top-end results.   You\&\#39;ll benefit from using modern frameworks to rapidly develop complex scenes, and make use of many tools to help improve rendering performance and debugging. Beginning {WebGL} for {HTML}5 builds your critical {WebGL} development skills while being enjoyable at each step of the way.   Quickly get up to speed with {WebGL}  Render realistic scenes  Work faster with frameworks  Improve rendering performance    What you’ll learn A scene setup and rendering refresher  Advanced {GLSL} usages  Rendering realistic scenes with lighting, blending, reflections, shadows and more  The current state of {WebGL} mobile support  Performance optimizations  Enhancing productivity by using existing frameworks and loading models   Who this book is for  Beginning {WebGL} for {HTML}5 is for the graphics enthusiast who is ready to bring their skillset to the next level and create more realistic, beautiful scenes. Beginning {WebGL} for {HTML}5 is a great choice for someone with existing {OpenGL} or Canvas 2D knowledge wanting to transition to {WebGL}. It is an excellent choice for those wanting to have high performance graphics coded in minimal time.  Table of Contents Setting The Scene  Shaders 101  Textures and Lighting  Increasing Realism  Physics  Fractals, Height Maps, and Particle Systems  Three.js Framework  Productivity Tools  Debugging and Performance  Effects, Tips and Tricks  Afterword: The Future of {WebGL}  Appendix A: Essential {HTML}5 and {JavaScript}  Appendix B: Graphics Refresher  Appendix C: {WebGL} Spec. Odds and Ends  Appendix D: Additional Resources},
	pagetotal = {348},
	publisher = {Apress},
	author = {Danchilla, Brian},
	date = {2012-08-29},
	langid = {english},
	note = {Google-Books-{ID}: {nFKRgF}4swBMC},
	keywords = {Computers / Computer Graphics, Computers / Web / Web Programming}
}

@book{parisi_webgl:_2012,
	title = {{WebGL}: Up and Running: Building 3D Graphics for the Web},
	isbn = {978-1-4493-2651-7},
	shorttitle = {{WebGL}},
	abstract = {Get a quick introduction to {WebGL}, the new standard for 3D rendering on the Web and a member of {HTML}5’s family of technologies. With this hands-on guide, you’ll learn essential {WebGL} development and production concepts, using the {JavaScript} 3D engine Three.js. At the end of the book, you’ll put everything together and build a full 3D application with {WebGL}.You don’t have to be a game development wizard or have 3D graphics experience to get started. If you use {HTML}, {CSS}, and {JavaScript}—and have familiarity with {JQuery} and Ajax—this book will help you gain a working knowledge of {WebGL} through clear and simple examples.Understand core 3D graphics concepts and how to implement them in {WebGLCreate} {WebGL} sample pages as you learn, and build a racing game application in the final {chapterGet} to know the Three.js open source library in {detailDevelop} working knowledge of graphics rendering, texturing, animation, interaction, and {behaviorsSeamlessly} integrate 3D graphics with other content on the {pageLearn} the tools, file formats, and techniques for developing robust and secure applications in a production environment"{WebGL}: Up and Running is an ideal introduction to the world of 3D programming on the web. It’s well-written, clear, and fun. I wish it had been around when I started learning!" —Giles Thomas, {LearningWebGL}.com},
	pagetotal = {232},
	publisher = {"O'Reilly Media, Inc."},
	author = {Parisi, Tony},
	date = {2012-08-07},
	langid = {english},
	note = {Google-Books-{ID}: Eip9ZrdGtEIC},
	keywords = {Computers / Programming Languages / {JavaScript}, Computers / Internet / General, Computers / Web / Web Programming}
}

@unpublished{josh_staples_integrating_nodate,
	title = {Integrating Angular js \& three.js},
	rights = {Lizenz: {CC} Attribution-{NonCommercial} License},
	url = {https://de.slideshare.net/cubicleDowns/integrating-angular-js-threejs},
	abstract = {Presentation outlining two different code patterns to integrate three.js and},
	type = {Software},
	howpublished = {Software},
	author = {Josh Staples},
	urldate = {2019-03-30}
}

@software{john_this_2019,
	title = {This is a basic template project to start with angular 7.x and threejs: {JohnnyDevNull}/ng-three-template},
	url = {https://github.com/JohnnyDevNull/ng-three-template},
	shorttitle = {This is a basic template project to start with angular 7.x and threejs},
	author = {John, Philipp},
	urldate = {2019-03-30},
	date = {2019-03-21},
	note = {original-date: 2018-05-02T21:03:13Z}
}

@article{kopp_erweiterbare_nodate,
	title = {Erweiterbare Architektur von Webclients in Angular zum Umsetzen mehrerer Anwendungen mit geteilter Codebasis},
	abstract = {This bachelor thesis examines the solutions provided by the angular framework for developing single page applications with an extensible shared code base. It does so using some prototypic examples and a real world application. Due to the modular structure of the angular framework, there are numerous elegant possibilities to apply and implement common patterns, some of which are are discussed in this thesis.},
	pages = {64},
	author = {Kopp, Niklas},
	langid = {german},
	file = {Kopp - Erweiterbare Architektur von Webclients in Angular.pdf:C\:\\Users\\lukas\\Zotero\\storage\\LQILG53X\\Kopp - Erweiterbare Architektur von Webclients in Angular.pdf:application/pdf}
}

@online{marcotte_responsive_2010,
	title = {Responsive Web Design},
	url = {http://alistapart.com/article/responsive-web-design},
	abstract = {Designers have coveted print for its precision layouts, lamenting the varying user contexts on the web that compromise their designs. Ethan Marcotte advocates we shift our design thinking to appropriate these constraints: using fluid grids, flexible images, and media queries, he shows us how to embrace the “ebb and flow of things\&\#8221 with responsive web design.},
	type = {Blog},
	author = {Marcotte, Ethan},
	urldate = {2019-03-30},
	date = {2010-05-25},
	langid = {english},
	file = {Snapshot:C\:\\Users\\lukas\\Zotero\\storage\\UI5LG9V5\\responsive-web-design.html:text/html}
}

@online{gardner_what_2014,
	title = {What We Mean When We Say “responsive”},
	url = {http://alistapart.com/column/what-we-mean-when-we-say-responsive},
	abstract = {We keep using that word, “responsive,” but do we all mean the same thing by it? The debate continues, as it should, while the word in its web context works its way into our language. But by the time its meaning coalesces, will we even need it anymore?},
	type = {Blog},
	author = {Gardner, Lyza Danger},
	urldate = {2019-03-30},
	date = {2014-03-06},
	langid = {english},
	file = {Snapshot:C\:\\Users\\lukas\\Zotero\\storage\\JNF9QHJK\\what-we-mean-when-we-say-responsive.html:text/html}
}

@book{poniros_angular_2019-1,
	title = {Angular für Dummies},
	isbn = {978-3-527-81311-7},
	abstract = {Durch das Lesen dieses Buches werden Sie nicht zum Angular-Experten. Dafür ist das {JavaScript}-Framework zu groß und zu kompliziert. Aber mit dem Buch finden Sie einen schnellen Einstieg in Angular und {TypeScript}. Sobald die Entwicklungsumgebung installiert ist, bauen Sie Ihre Angular-Fertigkeiten Schritt für Schritt aus. Mit den fertigen Code-Beispielen zum Herunterladen können Sie experimentieren. Anschließend sind Sie in der Lage, bei Angular-Projekten mitzureden und mitzutun. Für das Verständnis des Buchs sind lediglich {HTML}-, {CSS}- und {JavaScript}-Kenntnisse notwendig.},
	pagetotal = {406},
	publisher = {John Wiley \& Sons},
	author = {Poniros, Nikolas},
	date = {2019-02-08},
	langid = {german},
	note = {Google-Books-{ID}: {AUiHDwAAQBAJ}},
	keywords = {Computers / Internet / General, Computers / Software Development \& Engineering / General}
}

@online{herzberger_3_2016,
	title = {3 Säulen für Responsive Webdesign},
	url = {https://www.konversionskraft.de/trends/die-3-saeulen-des-responsive-webdesign.html},
	abstract = {Optimiere Deine mobile Webseite mit den 3 Säulen für Responsive Webdesign und der "User First"-Maxime! Erfahre mehr im {konversionsKRAFT}-Blog!},
	titleaddon = {{konversionsKRAFT}},
	author = {herzberger},
	urldate = {2019-03-30},
	date = {2016-04-12},
	langid = {german},
	file = {Snapshot:C\:\\Users\\lukas\\Zotero\\storage\\8Y7K5D7T\\die-3-saeulen-des-responsive-webdesign.html:text/html}
}

@inreference{noauthor_responsive_2018,
	title = {Responsive Webdesign},
	rights = {Creative Commons Attribution-{ShareAlike} License},
	url = {https://de.wikipedia.org/w/index.php?title=Responsive_Webdesign&oldid=180719370},
	abstract = {Beim Responsive Webdesign (im Deutschen auch responsives Webdesign genannt oder kurz {RWD}, englisch responsive  ‚reagierend‘) handelt es sich um ein gestalterisches und technisches Paradigma zur Erstellung von Websites, so dass diese auf Eigenschaften des jeweils benutzten Endgeräts, vor allem Smartphones und Tabletcomputer, reagieren können.
Der grafische Aufbau einer „responsiven“ Website erfolgt anhand der Anforderungen des jeweiligen Gerätes, mit dem die Website betrachtet wird. Dies betrifft insbesondere die Anordnung und Darstellung einzelner Elemente, wie Navigationen, Seitenspalten und Texte, aber auch die Nutzung unterschiedlicher Eingabemethoden von Maus (klicken, überfahren) oder Touchscreen (tippen, wischen). Technische Basis hierfür sind die neueren Webstandards {HTML}5, {CSS}3 (hier insbesondere die Media Queries) und {JavaScript}.},
	booktitle = {Wikipedia},
	urldate = {2019-03-30},
	date = {2018-09-07},
	langid = {german},
	note = {Page Version {ID}: 180719370},
	file = {Snapshot:C\:\\Users\\lukas\\Zotero\\storage\\3VJ8CWTQ\\index.html:text/html}
}

@inproceedings{subraya_object_2000,
	title = {Object driven performance testing of Web applications},
	doi = {10.1109/APAQ.2000.883774},
	abstract = {Performance of many Web sites depends on the load on the site at peak time under varying conditions. Performance testing is normally conducted in reasonably simulated environment with the help of performance testing tools. However, performance of a Web site depends on various parameters and each parameter must be tested under varying stress levels. It is not possible to draw a common denominator for performance parameters to test the Web site due to complexity of Web sites. Different parts of the Web site must be tested with different parameters under varying condition and stress level. In such circumstances, it is necessary to decompose the Web site into many components, which represents the behavior of various business components. These business components are mapped to various objects that truly represent the behavior and structure of the part of the web site. These objects are subjected to performance testing with different parameters and stress levels. This paper addresses the new testing process, which uses the concept of decomposing the behavior of the Web site into testable components, which are mapped onto testable objects. These testable objects are subjected to performance testing under varied performance parameters and stress levels.},
	eventtitle = {Proceedings First Asia-Pacific Conference on Quality Software},
	pages = {17--26},
	booktitle = {Proceedings First Asia-Pacific Conference on Quality Software},
	author = {Subraya, B. M. and Subrahmanya, S. V.},
	date = {2000-10},
	keywords = {Acoustic testing, Application software, Cities and towns, complexity, computational complexity, Consumer electronics, Electronic commerce, information resources, Life testing, object driven performance testing, performance parameters, program testing, programming environments, simulated environment, software performance evaluation, Software testing, Stress, System testing, Time to market, Web applications, Web sites},
	file = {IEEE Xplore Abstract Record:C\:\\Users\\lukas\\Zotero\\storage\\HAE2FW9L\\883774.html:text/html}
}

@article{rauschenberger_benutzererlebnis_2011,
	title = {Benutzererlebnis bei Unternehmenssoftware},
	url = {http://dl.gi.de/handle/20.500.12116/5865},
	abstract = {Unternehmen können heute nicht mehr ohne speziell entwickelte Unternehmenssoftware arbeiten. Obwohl eine sehr hohe Anzahl derartiger Softwareprodukte am Markt vorhanden ist, sind die Erfahrungen der Benutzer meist nicht positiv, da zum Beispiel die Gebrauchstauglichkeit nicht optimal erfüllt wird. Der Benutzer kann das Softwareprodukt nicht optimal nutzen und die Gesamtattraktivität der Software sinkt. Aber wie lässt sich die Attraktivität von Unternehmenssoftware steigern, ohne hohe Kosten zu produzieren? In diesem Artikel wird gezeigt, wie das Unternehmen {MSP} Medien Systempartner die Attraktivität von Tempestiva, eines seiner Softwareprodukte, mittels Zukunftswerkstatt, Prototyping und Benutzertest kosteneffizient in einem kleinen Softwareentwicklungsteam gesteigert hat.},
	author = {Rauschenberger, Maria and Hinderks, Andreas and Thomaschewski, Jörg},
	urldate = {2019-04-02},
	date = {2011},
	langid = {english},
	file = {Full Text PDF:C\:\\Users\\lukas\\Zotero\\storage\\SN6CT4JU\\Rauschenberger et al. - 2011 - Benutzererlebnis bei Unternehmenssoftware.pdf:application/pdf;Snapshot:C\:\\Users\\lukas\\Zotero\\storage\\KW7QTG38\\5865.html:text/html}
}

@online{din-en-iso-9241-210_ergonomie_2010,
	title = {Ergonomie der Mensch-System-Interaktion - Teil 210: Prozess zur Gestaltung gebrauchstauglicher interaktiver Systeme},
	rights = {Berlin, Beuth Verlag},
	url = {https://www.din.de/de/mitwirken/normenausschuesse/naerg/wdc-beuth:din21:135399380},
	titleaddon = {{DIN}},
	author = {{DIN}-{EN}-{ISO}-9241-210},
	urldate = {2019-04-02},
	date = {2010},
	langid = {german},
	file = {NAErg:C\:\\Users\\lukas\\Zotero\\storage\\M3ZK535F\\wdc-beuthdin21135399380.html:text/html}
}

@incollection{von_gizycki_usability_2002,
	location = {Berlin, Heidelberg},
	title = {Usability — nutzerfreundliches Web-Design},
	isbn = {978-3-642-56377-5},
	url = {https://doi.org/10.1007/978-3-642-56377-5_1},
	series = {X.media.press},
	abstract = {So einfach und plakativ lässt sich die Wirkung von nutzerunfreundlichen Web-Seiten zusammenfassen. Doch nicht nur ein Mehr an Umsatz, sondern auch Kosteneinsparungen lassen sich durch ein user-freundlicheres Interface erreichen. So hat die Ford Motor Company sogar ein eigenes Usability-Institut eingerichtet, um das Extranet für ihre Händler zu optimieren. Die daraus resultierenden Einsparungen belaufen sich auf jährlich 100.000\$, denen einmalige Investitionen von 70.000\$ gegenüberstehen (vgl. Donahue, Weinschenk, Nowicki, 1999, S. 7 mit zahlreichen weiteren Beispielen1). Forrester schätzt, dass nutzerunfreundliche E-Commerce Sites bis zur Hälfte ihrer potentiellen Kunden vergraulen. Der Nutzen „guter“ Usability steht also außer Frage und ist durch Zahlen eindeutig belegbar (vgl. Artikel von B. Raijmakers, S. 129).},
	pages = {1--17},
	booktitle = {Usability: Nutzerfreundliches Web-Design},
	publisher = {Springer Berlin Heidelberg},
	author = {von Gizycki, Vittoria},
	editor = {Beier, Markus and von Gizycki, Vittoria},
	urldate = {2019-04-02},
	date = {2002},
	langid = {german},
	doi = {10.1007/978-3-642-56377-5_1},
	file = {Springer Full Text PDF:C\:\\Users\\lukas\\Zotero\\storage\\HYBERIPI\\von Gizycki - 2002 - Usability — nutzerfreundliches Web-Design.pdf:application/pdf}
}

@incollection{richter_usability_2016,
	location = {Berlin, Heidelberg},
	title = {Usability und {UX}},
	isbn = {978-3-662-49828-6},
	url = {https://doi.org/10.1007/978-3-662-49828-6_2},
	series = {{IT} kompakt},
	abstract = {In den letzten Jahrzehnten haben sich verschiedene Fachrichtungen etabliert, die einen nutzerorientierten Ansatz verfolgen. Was sie alle gemeinsam haben ist das Ziel, Produkte und Technologien für die Menschen zu entwickeln, die diese Produkte oder Dienste täglich nutzen. Für die Optimierung des Nutzungserlebnisses müssen verschiedene Ebenen berücksichtigt werden, die aufeinander aufbauen, wie zum Beispiel Ziele, Werte, Abläufe und Funktionen des Produkts. Dieses Kapitel beschreibt ein Verständnis von Usability und {UX}, das weit über die Optimierung der Nutzerschnittstelle hinaus geht.},
	pages = {7--19},
	booktitle = {Usability und {UX} kompakt: Produkte für Menschen},
	publisher = {Springer Berlin Heidelberg},
	author = {Richter, Michael and Flückiger, Markus D.},
	editor = {Richter, Michael and Flückiger, Markus D.},
	urldate = {2019-04-02},
	date = {2016},
	langid = {german},
	doi = {10.1007/978-3-662-49828-6_2},
	file = {Springer Full Text PDF:C\:\\Users\\lukas\\Zotero\\storage\\43BXTRH3\\Richter und Flückiger - 2016 - Usability und UX.pdf:application/pdf}
}